@article{einstein1916,
  author  = {Einstein, Albert},
  title   = {Die Grundlage der allgemeinen Relativit√§tstheorie},
  journal = {Annalen der Physik},
  series  = {Vierte Folge},
  volume  = {Band 49},
  pages   = {769-822},
  year    = {1916},
  note    = {pp. 781-782}
}

@misc{sparse,
  author       = {Rocklin, Matthew Abbasi, Hameer},
  title        = {Sparse 0.15.4},
  year         = {2024},
  publisher    = {GitHub},
  journal      = {GitHub repository},
  howpublished = {\url{https://github.com/pydata/sparse}}
}

@article{numpy,
  author  = {Harris, Charles R.
             and Millman, K. Jarrod
             and van der Walt, St{\'e}fan J.
             and Gommers, Ralf
             and Virtanen, Pauli
             and Cournapeau, David
             and Wieser, Eric
             and Taylor, Julian
             and Berg, Sebastian
             and Smith, Nathaniel J.
             and Kern, Robert
             and Picus, Matti
             and Hoyer, Stephan
             and van Kerkwijk, Marten H.
             and Brett, Matthew
             and Haldane, Allan
             and del R{\'i}o, Jaime Fern{\'a}ndez
             and Wiebe, Mark
             and Peterson, Pearu
             and G{\'e}rard-Marchant, Pierre
             and Sheppard, Kevin
             and Reddy, Tyler
             and Weckesser, Warren
             and Abbasi, Hameer
             and Gohlke, Christoph
             and Oliphant, Travis E.},
  title   = {Array programming with NumPy},
  journal = {Nature},
  year    = {2020},
  volume  = {585},
  number  = {7825},
  pages   = {357-362}
}